% Encoding: UTF-8

@book{alt:nlo,
	title={Nichtlineare Optimierung: Eine Einf{\"u}hrung in Theorie, Verfahren und Anwendungen},
	author={Alt, W.},
	isbn={9783834815583},
	series={vieweg studium; Aufbaukurs Mathematik},
	year={2011},
	publisher={Vieweg+Teubner Verlag}
}


@article{cutest:paper,
	author = {Gould, Nicholas I. M. and Orban, Dominique and Toint, Philippe L.},
	title = {CUTEr and SifDec: A Constrained and Unconstrained Testing Environment, Revisited},
	journal = {ACM Trans. Math. Softw.},
	issue_date = {December 2003},
	volume = {29},
	number = {4},
	month = dec,
	year = {2003},
	issn = {0098-3500},
	pages = {373--394},
	numpages = {22},
	url = {http://doi.acm.org/10.1145/962437.962439},
	doi = {10.1145/962437.962439},
	acmid = {962439},
	publisher = {ACM},
	address = {New York, NY, USA}
}

@Misc{cutest:code,
	title = {{CUTEst} The Constrained and Unconstrained Testing Environment with safe threads (CUTEst) for optimization software },
	year = 2018,
	howpublished = {\url{https://github.com/ralna/CUTEst}},
	urldate = {2018-02-08}
}


@article{rosenbrock:rosenbrock,
	author = {Rosenbrock, H. H.},
	citeulike-article-id = {1903787},
	citeulike-linkout-0 = {http://dx.doi.org/10.1093/comjnl/3.3.175},
	citeulike-linkout-1 = {http://comjnl.oxfordjournals.org/content/3/3/175.abstract},
	citeulike-linkout-2 = {http://comjnl.oxfordjournals.org/content/3/3/175.full.pdf},
	citeulike-linkout-3 = {http://comjnl.oxfordjournals.org/cgi/content/abstract/3/3/175},
	day = {1},
	doi = {10.1093/comjnl/3.3.175},
	journal = {The Computer Journal},
	keywords = {benchmark, continuous, evolutionary-computation, metaheuristic},
	month = jan,
	number = {3},
	pages = {175--184},
	posted-at = {2009-03-24 10:02:33},
	priority = {0},
	title = {{An Automatic Method for Finding the Greatest or Least Value of a Function}},
	url = {http://dx.doi.org/10.1093/comjnl/3.3.175},
	volume = {3},
	year = {1960}
}

@Misc{webpage:ipopt,
	title ={{Ipopt}, Interior Point OPTimizer},
	howpublished ="https://projects.coin-or.org/Ipopt"s
	note = {[Online; accessed <today>]}
}

@Misc{lan:scipy,
	author =    {Eric Jones and Travis Oliphant and Pearu Peterson and others},
	title =     {{SciPy}: Open source scientific tools for {Python}},
	year =      {2001-2018},
	url = "http://www.scipy.org/",
	note = {[Online; accessed <today>]}
}
@Misc{lan:python,
	author =   {Python-Software-Foundation},
	title =    {The Python Language Reference - Verson 3.6},
	howpublished = {\url{https://docs.python.org/3.6/reference/}},
	year = {1991-2018}
}

@article{Byrd:LBFGSB,
	author = {Byrd, Richard H. and Lu, Peihuang and Nocedal, Jorge and Zhu, Ciyou},
	title = {A Limited Memory Algorithm for Bound Constrained Optimization},
	journal = {SIAM J. Sci. Comput.},
	issue_date = {Sept. 1995},
	volume = {16},
	number = {5},
	month = sep,
	year = {1995},
	issn = {1064-8275},
	pages = {1190--1208},
	numpages = {19},
	url = {http://dx.doi.org/10.1137/0916069},
	doi = {10.1137/0916069},
	acmid = {210980},
	publisher = {Society for Industrial and Applied Mathematics},
	address = {Philadelphia, PA, USA},
	keywords = {bound constrained optimization, large-scale optimization, limited memory method, nonlinear optimization, quasi-Newton method},
}

@book{BoydCO,
	author = {Boyd, Stephen and Vandenberghe, Lieven},
	title = {Convex Optimization},
	year = {2004},
	isbn = {0521833787},
	publisher = {Cambridge University Press},
	address = {New York, NY, USA},
}
@Book{NW,
	Title                    = {Numerical Optimization},
	Author                   = {Jorge Nocedal and Stephen J. Wright},
	Publisher                = {Springer},
	Year                     = {2006},
	
	Address                  = {New York, NY, USA},
	Edition                  = {second}
}

@Comment{jabref-meta: databaseType:bibtex;}
